<?xml version="1.0" encoding="UTF-8" ?><marc:collection xmlns:marc="http://www.loc.gov/MARC21/slim" xmlns:xsi="http://www.w3.org/2001/XMLSchema-instance" xsi:schemaLocation="http://www.loc.gov/MARC21/slim http://www.loc.gov/standards/marcxml/schema/MARC21slim.xsd">
<marc:record><marc:leader>06268cam a2200505Ii 4500</marc:leader>
<marc:controlfield tag="001">b12906918</marc:controlfield>
<marc:controlfield tag="003">UaCaAUL</marc:controlfield><marc:controlfield tag="005">20180624014308.0</marc:controlfield><marc:controlfield tag="008">870731s1935    ua abc   b    000 0 ara d</marc:controlfield><marc:datafield tag="035" ind1=" " ind2=" "><marc:subfield code="a">(OCoLC)16348964</marc:subfield></marc:datafield><marc:datafield tag="040" ind1=" " ind2=" "><marc:subfield code="a">CLU</marc:subfield><marc:subfield code="b">eng</marc:subfield><marc:subfield code="e">rda</marc:subfield><marc:subfield code="c">CLU</marc:subfield><marc:subfield code="d">OCL</marc:subfield><marc:subfield code="d">OCLCQ</marc:subfield><marc:subfield code="d">OCLCF</marc:subfield><marc:subfield code="d">OCLCQ</marc:subfield><marc:subfield code="d">OCLCO</marc:subfield><marc:subfield code="d">MEAUC</marc:subfield></marc:datafield><marc:datafield tag="043" ind1=" " ind2=" "><marc:subfield code="a">f-sj---</marc:subfield></marc:datafield><marc:datafield tag="049" ind1=" " ind2=" "><marc:subfield code="a">MAIN</marc:subfield></marc:datafield><marc:datafield tag="050" ind1=" " ind2="4"><marc:subfield code="a">DT108</marc:subfield><marc:subfield code="b">.H951s</marc:subfield></marc:datafield><marc:datafield tag="066" ind1=" " ind2=" "><marc:subfield code="c">(3</marc:subfield></marc:datafield><marc:datafield tag="090" ind1=" " ind2=" "><marc:subfield code="a">DT108</marc:subfield><marc:subfield code="b">.H87 1935</marc:subfield></marc:datafield><marc:datafield tag="100" ind1="1" ind2=" "><marc:subfield code="6">880-01</marc:subfield><marc:subfield code="a">Ḥusayn, ʻAbd Allāh,</marc:subfield><marc:subfield code="e">author.</marc:subfield></marc:datafield><marc:datafield tag="245" ind1="1" ind2="3"><marc:subfield code="6">880-02</marc:subfield><marc:subfield code="a">al-Sūdān min al-tārīkh al-qadīm ilá riḥlat al-baʻthah al-miṣrīyah /</marc:subfield><marc:subfield code="c">taʼlīf ʻAbd Allāh Ḥusayn, al-muḥāmī amām Maḥākim al-Istiʼināf wa-al-muḥarrir bi-al-Ahrām wa-ṣāḥib al-Jarīdah al-Qaḍāʼīyah wa-al-Idārah wa-al-Būlīs al-Qaḍāʼī.</marc:subfield></marc:datafield><marc:datafield tag="250" ind1=" " ind2=" "><marc:subfield code="6">880-03</marc:subfield><marc:subfield code="a">al-Ṭabʻah al-ul̄a.́</marc:subfield></marc:datafield><marc:datafield tag="264" ind1=" " ind2="1"><marc:subfield code="6">880-04</marc:subfield><marc:subfield code="a">Miṣr :</marc:subfield><marc:subfield code="b">al-Maṭbaʻah al-Raḥmānīyah bi-Miṣr,</marc:subfield><marc:subfield code="c">1354, 1935.</marc:subfield></marc:datafield><marc:datafield tag="300" ind1=" " ind2=" "><marc:subfield code="a">3 volumes in 1.:</marc:subfield><marc:subfield code="b">illustrations, maps, portraits, photos ;</marc:subfield><marc:subfield code="c">24 cm.</marc:subfield></marc:datafield><marc:datafield tag="336" ind1=" " ind2=" "><marc:subfield code="a">text</marc:subfield><marc:subfield code="b">txt</marc:subfield><marc:subfield code="2">rdacontent.</marc:subfield></marc:datafield><marc:datafield tag="337" ind1=" " ind2=" "><marc:subfield code="a">unmediated</marc:subfield><marc:subfield code="b">n</marc:subfield><marc:subfield code="2">rdamedia.</marc:subfield></marc:datafield><marc:datafield tag="338" ind1=" " ind2=" "><marc:subfield code="a">volume</marc:subfield><marc:subfield code="b">nc</marc:subfield><marc:subfield code="2">rdacarrier.</marc:subfield></marc:datafield><marc:datafield tag="500" ind1=" " ind2=" "><marc:subfield code="a">Includes Errata pages.</marc:subfield></marc:datafield><marc:datafield tag="500" ind1=" " ind2=" "><marc:subfield code="6">880-05</marc:subfield><marc:subfield code="a">Ṭubiʻa ʻalá nafaqat al-muʼallif waḥdahu wa-ḥuqūq al-ṭabʻ wa-al-naql maḥfūẓah la-hu, kull nuskhah laysa ʻalayhā ism al-muʼallif tuʻadd masrūqah, yuṭlab min al-muʼallif bi-Jarīdat al-Ahrām wa-min jamīʻ al-makātib.</marc:subfield></marc:datafield><marc:datafield tag="504" ind1=" " ind2=" "><marc:subfield code="a">Includes bibliographical references.</marc:subfield></marc:datafield><marc:datafield tag="505" ind1="0" ind2=" "><marc:subfield code="6">880-06</marc:subfield><marc:subfield code="a">al-Juzʼ al-awwal. Yashtamil ʻalá tārīkh al-Sūdān al-qadīm fī ʻahd al-Farāʻinah wa-al-Baṭālisah wa-al-Rūmān wa-al-Dawlah al-Ahtyūbīyah wa-Mamlakat Marwá wa-Nabtah, wa-mamālik al-Sūdān wa-salṭanātihi wa-imārātihi wa-qabāʼilihi wa-diyānātihi wa-uṣūl sukkānihi, wa-hijrat al-qabāʼil al-ʻArabīyah ilayih, wa-ʻahd al-kushshāf al-Atrāk wa-al-Mamālīk, wa-fatʹḥahu fī ʻahd Muḥammad ʻAlī wa-Ismāʻīl wa-ḥakimdārūh ilá al-Thawrah al-Mahdīyah, wa-jārāt al-Sūdān, wa-al-Ḥabashah wa-marājiʻ al-kitāb wa-wathāʼiqih. -- al-Juzʼ al-thānī. Yashmal ḥawādith al-Sūdān mundhu al-tafkīr fī iʻādatihi wa-al-qaḍāʼ ʻalá ʻaṣr al-Thawrah al-Mahdīyah wa-Ittifāq 1899 ilá sanat 1935, wa-mabāḥith ʻan ḥukūmatihi wa-jughrāfīyatihi wa-zirāʻatihi wa-tijāratihi wa-mālīyatihi wa-mīzānīyatihi wa-ʻalāqātihi wa-ḥarakatihi al-taʻlīmīyah wa-al-adabīyah wa-shuʼūn al-rayy wa-al-khazzānāt wa-mustaqbalihi wa-ghayr dhalika min bayānāt -- al-Juzʼ al-thālith. Yashtamil ʻalá tarājim ʻan sumwu al-Amīr ʻUmar Ṭūsūn wa-al-hayʼāt allatī ishtarakat fī al-baʻthah al-iqtiṣādīyah al-Miṣrīyah ilá al-Sūdān min al-Jamʻīyah al-Zirāʻīyah wa-al-Niqābah al-Zirāʻīyah wa-al-Ghuraf al-Tijārīyah wa-Wizārat al-Tijārah wa-al-Usrah al-Abāẓīyah, wa-muqaddimāt safar al-baʻthah wa-asbābih, wa-waṣf riḥlatihā yawman yawman wa-ʻawdatihā wa-lijānihā wa-natāʼij muhimmatihā wa-bayānāt kathīrah ʻan al-ḥayāh al-Sūdānīyah -- maʻa al-ṣuwar.</marc:subfield></marc:datafield><marc:datafield tag="600" ind1="1" ind2="0"><marc:subfield code="6">880-07</marc:subfield><marc:subfield code="a">Ṭūsūn, ʻUmar,</marc:subfield><marc:subfield code="c">Prince,</marc:subfield><marc:subfield code="d">1872-1944.</marc:subfield></marc:datafield><marc:datafield tag="600" ind1="3" ind2="0"><marc:subfield code="a">Abāẓah family.</marc:subfield></marc:datafield><marc:datafield tag="651" ind1=" " ind2="0"><marc:subfield code="a">Sudan</marc:subfield><marc:subfield code="x">History.</marc:subfield></marc:datafield><marc:datafield tag="651" ind1=" " ind2="0"><marc:subfield code="a">Sudan</marc:subfield><marc:subfield code="v">Biography.</marc:subfield></marc:datafield><marc:datafield tag="651" ind1=" " ind2="0"><marc:subfield code="a">Sudan</marc:subfield><marc:subfield code="x">Relations</marc:subfield><marc:subfield code="z">Egypt.</marc:subfield></marc:datafield><marc:datafield tag="651" ind1=" " ind2="0"><marc:subfield code="a">Egypt</marc:subfield><marc:subfield code="x">Relations</marc:subfield><marc:subfield code="z">Sudan.</marc:subfield></marc:datafield><marc:datafield tag="880" ind1="1" ind2="2"><marc:subfield code="6">245-02/(3/r</marc:subfield><marc:subfield code="a">السودان من التاريخ القديم إلى رحلة البعثة المصرية /‪</marc:subfield><marc:subfield code="c">تأليف عبد الله حسين، المحامي أمام محاكم الاستئناف والمحرر بالأهرام وصاحب الجريدة القضائية والإدارة والبوليس القضائي..</marc:subfield></marc:datafield><marc:datafield tag="880" ind1="1" ind2=" "><marc:subfield code="6">100-01/(3/r</marc:subfield><marc:subfield code="a">حسين، عبد الله..</marc:subfield></marc:datafield><marc:datafield tag="880" ind1=" " ind2=" "><marc:subfield code="6">250-03/(3/r</marc:subfield><marc:subfield code="a">الطبعة الأولى..</marc:subfield></marc:datafield><marc:datafield tag="880" ind1=" " ind2="1"><marc:subfield code="6">264-04/(3/r</marc:subfield><marc:subfield code="a">مصر :‪</marc:subfield><marc:subfield code="b">المطبعة الرحمانية بمصر،‪</marc:subfield><marc:subfield code="c">1354, 1935.</marc:subfield></marc:datafield><marc:datafield tag="880" ind1=" " ind2=" "><marc:subfield code="6">500-05/(3/r</marc:subfield><marc:subfield code="a">طبع على نفقة المؤلف وحده وحقوق الطبع والنقل محفوظة له، كل نسخة ليس عليها اسم المؤلف تعد مسروقة، يطلب من المؤلف بجريدة الأهرام ومن جميع المكاتب..</marc:subfield></marc:datafield><marc:datafield tag="880" ind1="0" ind2=" "><marc:subfield code="6">505-06/(3/r</marc:subfield><marc:subfield code="a">الجزء الأول. يشتمل على تاريخ السودان القديم في عهد الفراعنة والبطالة والرومان والدولة الأثيوبية ومملكة مروى ونبتة، وممالك السودان وسلطناته وإماراته وقبائل ودياناته وأصول سكانه، وهجرة القبائل العربية إليه، وعهد الكشاف الأتراك والمماليك، وفتحه في عهد محمد علي وإسماعيل وحكمداروه إلى الثورة المهدية، وجارات السودان، والحبشة ومراجع الكتاب ووثائقه. -- الجزء الثاني. يشمل حوادث السودان منذ التفكير في إعادته والقضاء على عصر الثورة المهدية واتفاق 1899 إلى سنة 1935, ومباحث عن حكومته وجغرافيته وزراعته وتجارته وماليته وميزانيته وعلاقاته وحركته التعليمية والأدبية وشؤون الري والخزانات ومستقبله وغير ذلك من بيانات -- الجزء الثالث. يشتمل على تراجم عن سمو الأمير عمر طوسون والهيئات التي اشتركت في البعثة الاقتصادية المصرية إلى السودان من الجمعية الزراعية والنقابة الزراعية والغرف التجارية ووزارة التجارة والأسرة الأباظية، ومقدمات سفر البعثة وأسبابه، ووصف رحلتها يوما يوما وعودتها ولجانها ونتائج مهمتها وبيانات كثيرة عن الحياة السودانية -- مع الصور..</marc:subfield></marc:datafield><marc:datafield tag="880" ind1="1" ind2="0"><marc:subfield code="6">600-07/(3/r</marc:subfield><marc:subfield code="a">طوسون، عمر،‪</marc:subfield><marc:subfield code="c">الأمير،‪</marc:subfield><marc:subfield code="d">1872-1944.</marc:subfield></marc:datafield><marc:datafield tag="907" ind1=" " ind2=" "><marc:subfield code="a">.b12906918</marc:subfield><marc:subfield code="b">main </marc:subfield></marc:datafield><marc:datafield tag="902" ind1=" " ind2=" "><marc:subfield code="a">180624</marc:subfield></marc:datafield><marc:datafield tag="998" ind1=" " ind2=" "><marc:subfield code="b">1</marc:subfield><marc:subfield code="c">021226</marc:subfield><marc:subfield code="d">m</marc:subfield><marc:subfield code="e">a</marc:subfield><marc:subfield code="f">-</marc:subfield><marc:subfield code="g">3</marc:subfield><marc:subfield code="k">MAH</marc:subfield></marc:datafield><marc:datafield tag="945" ind1=" " ind2=" "><marc:subfield code="l">main </marc:subfield></marc:datafield></marc:record>
</marc:collection>
